@book{lien,
    author = "Jan R. Lien and Gunnar Løvhøiden",
    title  = "Generell fysikk for universiteter og høgskoler",
    year   = "2015",
}
